<?xml version="1.0" encoding="UTF-8"?><collection xmlns="http://www.loc.gov/MARC21/slim"><record><leader>00381nam--2200145-i-4500</leader><controlfield tag="001">000012522</controlfield><controlfield tag="002">20161230</controlfield><controlfield tag="005">20170302173508</controlfield><controlfield tag="008">060222s1000------------r-----000-0-eng-d</controlfield><datafield ind1=" " ind2=" " tag="100"><subfield code="a">Clayton, G. B</subfield></datafield><datafield ind1=" " ind2=" " tag="245"><subfield code="a">Linear integrated circuit applications</subfield></datafield><datafield ind1=" " ind2=" " tag="260"><subfield code="a">London</subfield><subfield code="b">The Macmillan Press Ltd</subfield><subfield code="c">1977</subfield></datafield><datafield ind1=" " ind2=" " tag="300"><subfield code="a">X + 268 p</subfield></datafield><datafield ind1=" " ind2=" " tag="852"><subfield code="a">621.3.049.77</subfield></datafield><datafield ind1=" " ind2=" " tag="CAT"><subfield code="a">SYS</subfield><subfield code="c">20170302</subfield><subfield code="h">173508</subfield></datafield></record></collection>